<?xml version="1.0" encoding="UTF-8"?><collection xmlns="http://www.loc.gov/MARC21/slim"><record><leader>00652nam--2200193-i-4500</leader><controlfield tag="001">000034414</controlfield><controlfield tag="002">20161230</controlfield><controlfield tag="005">20161230201040</controlfield><controlfield tag="008">060222s1000------------r-----000-0-rum-d</controlfield><datafield ind1=" " ind2=" " tag="040"><subfield code="a">IFIN-HH</subfield></datafield><datafield ind1=" " ind2=" " tag="041"><subfield code="a">rum</subfield></datafield><datafield ind1=" " ind2=" " tag="080"><subfield code="a">537.611.44:549.73(043)</subfield></datafield><datafield ind1="1" ind2=" " tag="100"><subfield code="a">Nicoara, Gabriela</subfield></datafield><datafield ind1="1" ind2="0" tag="245"><subfield code="a">Studiul proprietatilor magnetice, dielectric si structurale ale unor ferite cu aplicatii in domeniul microundelor</subfield><subfield code="b">Teza</subfield><subfield code="c">Gabriela nicoara</subfield></datafield><datafield ind1=" " ind2=" " tag="260"><subfield code="a">Bucuresti</subfield><subfield code="b">Institutul De Fizica Si Tehnologia Materialelor</subfield><subfield code="c">1986</subfield></datafield><datafield ind1=" " ind2=" " tag="300"><subfield code="a">115P</subfield></datafield><datafield ind1=" " ind2=" " tag="502"><subfield code="a">Conducator Stiintific: Prof. Dr. Barb Danila</subfield></datafield><datafield ind1=" " ind2=" " tag="852"><subfield code="a">73286</subfield><subfield code="c">537:538</subfield></datafield><datafield ind1=" " ind2=" " tag="CAT"><subfield code="a">Sys</subfield><subfield code="c">20110628</subfield><subfield code="h">084326</subfield></datafield></record></collection>